@article{DBLP:journals/corr/abs-1902-03453,
  author    = {Mostafa Razavi Ghods and
               Mohammad Hossein Moattar and
               Yahya Forghani},
  title     = {Distance metric learning based on structural neighborhoods for dimensionality
               reduction and classification performance improvement},
  journal   = {CoRR},
  volume    = {abs/1902.03453},
  year      = {2019},
  url       = {http://arxiv.org/abs/1902.03453},
  eprinttype = {arXiv},
  eprint    = {1902.03453},
  timestamp = {Tue, 21 May 2019 18:03:39 +0200},
  biburl    = {https://dblp.org/rec/journals/corr/abs-1902-03453.bib},
  bibsource = {dblp computer science bibliography, https://dblp.org}
}

